<?xml version="1.0" encoding="UTF-8"?><collection xmlns="http://www.loc.gov/MARC21/slim"><record><leader>00328nam--2200109-i-4500</leader><controlfield tag="001">000021761</controlfield><controlfield tag="002">20161230</controlfield><controlfield tag="005">20161230201034</controlfield><controlfield tag="008">060222s1000------------r-----000-0-eng-d</controlfield><datafield ind1=" " ind2=" " tag="245"><subfield code="a">Heavy water moderated power reactors. quarterly report november 1958 - january 1959</subfield></datafield><datafield ind1=" " ind2=" " tag="260"><subfield code="a">Washington, Usaec, 1959, 83 P. Fotocopii</subfield></datafield><datafield ind1=" " ind2=" " tag="852"><subfield code="a">15387</subfield></datafield></record></collection>